@book{Report,
      author        = "Brüning, Oliver Sim and Collier, Paul and Lebrun, P and
                       Myers, Stephen and Ostojic, Ranko and Poole, John and
                       Proudlock, Paul",
      title         = "{LHC Design Report}",
      publisher     = "CERN",
      address       = "Geneva",
      series        = "CERN Yellow Reports: Monographs",
      year          = "2004",
      url           = "https://cds.cern.ch/record/782076",
      doi           = "10.5170/CERN-2004-003-V-1",
}

@book{QCDP,
author = {Caruso, Francisco and Anselmino, Mauro and Mahon, José and Oguri, Vitor},
year = {2013},
month = {06},
pages = {},
title = {Introdução à QCD Perturbativa},
isbn = {9788521622994}
}

@misc{PublicPlots,
  author = {ATLAS Colaboration},
  title = {Total Integrated Luminosity and Data Quality in 2018 },
  howpublished = {\url{https://twiki.cern.ch/twiki/bin/view/AtlasPublic/LuminosityPublicResultsRun}},
  note = {Acessado em: Setembro de 2020},
  year = "2018"
}

@article{MachineProtection,
author = {Wenninger, J.},
year = {2016},
month = {08},
pages = {},
title = {Machine Protection and Operation for LHC},
doi = {10.5170/CERN-2016-002.377}
}

@phdthesis{Reichold,
    author = {Reichold, Armin},
    title = {Development and Performance Measurements of a Silicon Tracker prototype for ATLAS and Study of Gluino Cascade Decays into Same Sign Dileptons using the ATLAS Inner Detector},
    reportNumber = {RAL-TH-96-018},
    school = {Dortmund U.},
    year = {1996}
}


@article{Grandi:2728111,
      author        = "Grandi, Mario",
      title         = "{The ATLAS 
Inner Detector trigger performance 
in pp
                       collisions at 13 TeV during LHC Run 2}",
      collaboration = "ATLAS Collaboration",
      month         = "Aug",
      year          = "2020",
      reportNumber  = "ATL-DAQ-SLIDE-2020-309",
      url           = "https://cds.cern.ch/record/2728111",
}

@techreport{CERN-LHCC-2017-005,
      title         = "{Technical Design Report for the ATLAS Inner Tracker Strip
                       Detector}",
      institution   = "CERN",
      collaboration = "ATLAS Collaboration",
      address       = "Geneva",
      number        = "CERN-LHCC-2017-005. ATLAS-TDR-025",
      month         = "Apr",
      year          = "2017",
      reportNumber  = "CERN-LHCC-2017-005",
      url           = "https://cds.cern.ch/record/2257755",
}

@book{Thomson:2013,
    author = "Thomson, Mark",
    title = "{Modern particle physics}",
    isbn = "978-1-107-03426-6",
    publisher = "Cambridge University Press",
    address = "New York",
    year = "2013"
}


