@article{
watson53,
Author = {Watson, J. D. and Crick, F. H. C.},
Title = {Molecular Structure of Nucleic Acids: A Structure for Deoxyribose Nucleic Acid},
Journal = {Nature},
Volume = {171},
Number = {4356},
Pages = {737-738},
Year = {1953} }
@article
{einstein05,
Title   = {{Zur Elektrodynamik bewegter K{\"o}rper}.        ({German})
    [{On} the electrodynamics of moving bodies]},
Author  = {Albert Einstein},
Journal = {Annalen der Physik},
Year    = {1905},
Number  = {10},
Pages   = {891--921},
Volume  = {322}}
